
@inproceedings{postnikoffRobotSocialEngineering2018,
  title = {Robot {{Social Engineering}}: {{Attacking Human Factors}} with {{Non-Human Actors}}},
  shorttitle = {Robot {{Social Engineering}}},
  booktitle = {Companion of the 2018 {{ACM}}/{{IEEE International Conference}} on {{Human-Robot Interaction}}},
  author = {Postnikoff, Brittany and Goldberg, Ian},
  year = {2018},
  month = mar,
  series = {{{HRI}} '18},
  pages = {313--314},
  publisher = {Association for Computing Machinery},
  address = {New York, NY, USA},
  doi = {10.1145/3173386.3176908},
}

@book{mitnickArtDeceptionControlling2003,
  title = {The {{Art}} of {{Deception}}: {{Controlling}} the {{Human Element}} of {{Security}}},
  shorttitle = {The {{Art}} of {{Deception}}},
  author = {Mitnick, Kevin D. and Simon, William L.},
  year = {2003},
  month = oct,
  publisher = {John Wiley \& Sons},
  googlebooks = {rmvDDwAAQBAJ},
  isbn = {978-0-7645-4280-0},
  langid = {english},
}

@book{cialdiniInfluenceSciencePractice1993,
  title = {Influence: {{Science}} and {{Practice}}},
  shorttitle = {Influence},
  author = {Cialdini, Robert},
  year = {1993},
  month = jan,
  publisher = {Allyn \& Bacon},
  urldate = {2024-07-14},
  url={https://www.researchgate.net/publication/229067982_Influence_Science_and_Practice}
}


@article{hatfieldSocialEngineeringCybersecurity2018a,
  title = {Social engineering in cybersecurity: The evolution of a concept},
  volume = {73},
  doi = {10.1016/j.cose.2017.10.008},
  shorttitle = {Social engineering in cybersecurity},
  pages = {102--113},
  journaltitle = {Computers \& Security},
  shortjournal = {Computers \& Security},
  author = {Hatfield, Joseph M.},
  date = {2018-03-01},
}

@article{contehCybersecurityRisksVulnerabilities2016,
  title = {Cybersecurity:Risks, Vulnerabilities and Countermeasures to Prevent Social Engineering Attacks},
  shorttitle = {Cybersecurity},
  author = {Conteh, Nabie and Schmick, Paul},
  year = {2016},
  month = feb,
  journal = {International Journal of Advanced Computer Research},
  volume = {6},
  pages = {31--38},
  doi = {10.19101/IJACR.2016.623006},
}








%% Olennaisia opittavia asioita viittaustekniikoissa ovat viitteen paikka tekstissä, oikea lähdeluettelojärjestys valitun viitetyylin parina sekä taito ja tahto noudattaa annettua tyylimääräystä.
Väitöskirjoissa ja lehti- tai konferenssiartikkeleissa tekstin hyväksyminen riippuu myös
näiden yksityiskohtien asianmukaisesta käsittelystä. Tästä syystä laitoksella nähdään
tarpeelliseksi opiskelijoiden tutustua edes pinnallisesti myös muihin tyylilajeihin ja oppia
käyttämään automatisoituja muotoilutyökaluja tehokkaasti, jolloin tyylimuutokset ovat
tehokkaita.
Lähdeviitteet sijoitetaan aina virkkeen sisäpuolelle. Siten esimerkiksi tekstikappaleen lopussa irrallaan oleva viite ei ole asiallinen. Tilanne ei muutu, vaikka viite sujautettaisiin
tekstikappaleen viimeisen virkkeen sisään. Lähdeviittauksen yhteyteen merkitään mukaan
tarkentavat sivunumerot, mikäli lukijan olisi työlästä löytää asianomainen kohta viitatusta
lähteestä.
Tehokkaita viitteensijoittelupaikkoja ovat esimerkiksi uuden käsitteen nimeämiskohta ja
virkkeen loppu kun kyseessä on lähteestä lainattu väite. On myös muistettava lainausmerkkien käyttö silloin kun tehdään suoria lainauksia.
Tekstin jäsentelyn on tuotava selkeästi esiin, mihin asiaan viite liittyy. Samalla tulee ymmärrettäväksi se, kuinka pitkään tekstikatkelmaan ko. viite liitetään. Ei ole siten asiallista
aloittaa lukua nimeämällä yhtä tai useampaa lähdettä luvun taustaksi, vaan viitteitä on
kiinnitettävä täsmällisemmin väitteisiin ja käsitteisiin. Luvun avaus viitetiedolla voi olla
oire myös suuremmasta ongelmasta: lähderiippuvuudesta. Aloitteleva kirjoittaja helposti
toistaa lähteestä oppimaansa ilman että tarpeellinen analysointi ja prosessointi suhteessa
muuhun opittuun olisi vielä tapahtut.
Viitteillä ja sanamuodolilla on myös tuotava selkeästi esiin se, mikä teksissä on lainattua
ja mikä oman pohdinnan ja valikoinnin tulosta.
Lähdeviittauksiin käytetään Tietojenkäsittelytieteen osastolla numeroitua tyyliä ja APA-tyyliä, valinnan näiden välillä tekevät kunkin ryhmän valvoja ja ohjaaja yhdessä. Numeroitu tyyli on esimerkiksi IEEE- ja ACM-julkaisuissa yleisesti käytetty ja puolustaa
siten paikkaansa. APA-tyyli on poikkeuksellinen ns. kovissa tieteissä, mutta monet valvojista pitävät siitä sen luettavuuden vuoksi. Numeroita joutuu nimiä useammin tarkistamaan lähdeluettelosta, sillä tarkastus- ja arvointiprosessiin kuuluu arvioida myös lähteiden
valitaa ja niiden käyttötapaa.

