

%
% King (2019) Artificial Intelligence Crime
%    An Interdisciplinary Analysis of
%    Foreseeable Threats and Solutions
%
@article{king_AI_Crime_Interdisciplinary_Analysis_2019,
    title = {Artificial Intelligence Crime: An Interdisciplinary Analysis of Foreseeable Threats and Solutions},
    volume = {26},
    doi = {10.1007/s11948-018-00081-0},
    shorttitle = {Artificial Intelligence Crime},
    pages = {89--120},
    number = {1},
    journaltitle = {Science and Engineering Ethics},
    author = {King, Thomas C. and Aggarwal, Nikita and Taddeo, Mariarosaria and Floridi, Luciano},
    date = {2019},
}




%
% Blauth (2022) Artificial Intelligence Crime
%    An Overview of Malicious Use 
%    and Abuse of AI
%
@article{blauth_AI_Crime_Overview_Malicious_Use_Abuse_2022,
    title = {Artificial Intelligence Crime: An Overview of Malicious Use and Abuse of {AI}},
    volume = {10},
    doi = {10.1109/ACCESS.2022.3191790},
    pages = {77110--77122},
    journaltitle = {{IEEE} Access},
    author = {Blauth, Taís Fernanda and Gstrein, Oskar Josef and Zwitter, Andrej},
    date = {2022},
}





%
% Wang (2020) Defining Social Engineering
%    in Cybersecurity
%
@article{wang_Defining_Social_Engineering_2020,
  title = {Defining {{Social Engineering}} in {{Cybersecurity}}},
  author = {Wang, Zuoguang and Sun, Limin and Zhu, Hongsong},
  year = {2020},
  journaltitle = {IEEE Access},
  volume = {8},
  pages = {85094--85115},
  doi = {10.1109/ACCESS.2020.2992807},
}




%
% Mirsky (2021) The Creation and Detection
%    of Deepfakes
%
@article{mirsky_Creation_Detection_Deepfakes_2021,
    title = {The Creation and Detection of Deepfakes: A Survey},
    volume = {54},
    doi = {10.1145/3425780},
    pages = {7:1--7:41},
    number = {1},
    journaltitle = {{ACM} Comput. Surv.},
    author = {Mirsky, Yisroel and Lee, Wenke},
    date = {2021},
}






%
% Goodfellow (2020) Generative adversarial networks
%
@article{goodfellow_Generative_Adversarial_Networks_2020,
    title = {Generative adversarial networks},
    volume = {63},
    doi = {10.1145/3422622},
    pages = {139--144},
    number = {11},
    journaltitle = {Communications of the {ACM}},
    author = {Goodfellow, Ian and Pouget-Abadie, Jean and Mirza, Mehdi and Xu, Bing and Warde-Farley, David and Ozair, Sherjil and Courville, Aaron and Bengio, Yoshua},
    date = {2020},
}






%
% Weizenbaum (1996) ELIZA
%    A computer program for the study of natural
%    language communication between man and machine
%
@article{weizenbaum_ELIZA_1996,
    title = {{ELIZA}—a computer program for the study of natural language communication between man and machine},
    volume = {9},
    doi = {10.1145/365153.365168},
    pages = {36--45},
    number = {1},
    journaltitle = {Commun. {ACM}},
    author = {Weizenbaum, Joseph},
    date = {1966},
}





%
% Hatfield (2018) Social engineering in
%    cybersecurity: The evolution of a
%    concept
%
@article{hatfield_SE_Evolution_Concept_2018,
    title = {Social engineering in cybersecurity: The evolution of a concept},
    volume = {73},
    doi = {10.1016/j.cose.2017.10.008},
    pages = {102--113},
    journaltitle = {Computers \& Security},
    author = {Hatfield, Joseph M.},
    date = {2018}
}






%
% Basit (2021) A comprehensive survey of
%    AI-enabled phishing attacks
%    detection techniques
%
@article{basit_Comprehensive_Survey_AI_Phishing_Detection_2021,
	title = {A comprehensive survey of {AI}-enabled phishing attacks detection techniques},
	volume = {76},
	doi = {10.1007/s11235-020-00733-2},
	pages = {139--154},
	number = {1},
	journaltitle = {Telecommunication Systems},
	author = {Basit, Abdul and Zafar, Maham and Liu, Xuan and Javed, Abdul Rehman and Jalil, Zunera and Kifayat, Kashif},
	date = {2021},
}

%
% Mirsky (2023) The Threat of Offensive AI
%   to Organizations
%
@article{mirsky_Threat_Offensive_AI_Organizations_2023,
	title = {The Threat of Offensive {AI} to Organizations},
	volume = {124},
	doi = {10.1016/j.cose.2022.103006},
	pages = {103006},
	journaltitle = {Computers \& Security},
	author = {Mirsky, Yisroel and Demontis, Ambra and Kotak, Jaidip and Shankar, Ram and Gelei, Deng and Yang, Liu and Zhang, Xiangyu and Pintor, Maura and Lee, Wenke and Elovici, Yuval and Biggio, Battista},
	date = {2023},
}





