

%
% Fakhouri, 2024: AI-Driven Solutions for
%    Social Engineering Attacks:
%    Detection, Prevention and Response
%
@inproceedings{fakhouri_AI_Driven_Solutions_SE_Attacks_2024,
    title = {{AI}-Driven Solutions for Social Engineering Attacks: Detection, Prevention, and Response},
    doi = {10.1109/ICCR61006.2024.10533010},
    eventtitle = {2024 2nd International Conference on Cyber Resilience ({ICCR})},
    pages = {1--8},
    booktitle = {2024 2nd International Conference on Cyber Resilience ({ICCR})},
    author = {Fakhouri, Hussam N. and Alhadidi, Basim and Omar, Khalil and Makhadmeh, Sharif Naser and Hamad, Faten and Halalsheh, Niveen Z.},
    date = {2024},
}


%
% Doan, 2023: BTS-E Audio Deepfake Detection
%    Using Breathing-Talking-Silence Encoder
%
@inproceedings{doanBTSEAudioDeepfakeDetectiong2023,
    title = {{BTS}-E: Audio Deepfake Detection Using Breathing-Talking-Silence Encoder},
    doi = {10.1109/ICASSP49357.2023.10095927},
    eventtitle = {{ICASSP} 2023 - 2023 {IEEE} International Conference on Acoustics, Speech and Signal Processing ({ICASSP})},
    pages = {1--5},
    booktitle = {{ICASSP} 2023 - 2023 {IEEE} International Conference on Acoustics, Speech and Signal Processing ({ICASSP})},
    author = {Doan, Thien-Phuc and Nguyen-Vu, Long and 
 Jung, Souhwan and Hong, Kihun},
    date = {2023},
}



@inproceedings{neupaneDoSocialDisordersFacilitateSocialEngineeringAutismPhishing2018,
    location = {New York, {NY}, {USA}},
    title = {Do Social Disorders Facilitate Social Engineering? A Case Study of Autism and Phishing Attacks},
    doi = {10.1145/3274694.3274730},
    series = {{ACSAC} '18},
    shorttitle = {Do Social Disorders Facilitate Social Engineering?},
    pages = {467--477},
    booktitle = {Proceedings of the 34th Annual Computer Security Applications Conference},
    publisher = {Association for Computing Machinery},
    author = {Neupane, Ajaya and Satvat, Kiavash and Saxena, Nitesh and Stavrinos, Despina and Bishop, Haley Johnson},
    date = {2018},
}


@inproceedings{nicholsonInvestigatingTeenagersAbilityDetectPhishingMessages2020,
    title = {Investigating Teenagersâ€™ Ability to Detect Phishing Messages},
    doi = {10.1109/EuroSPW51379.2020.00027},
    eventtitle = {2020 {IEEE} European Symposium on Security and Privacy Workshops ({EuroS}\&{PW})},
    pages = {140--149},
    booktitle = {2020 {IEEE} European Symposium on Security and Privacy Workshops ({EuroS}\&{PW})},
    author = {Nicholson, James and Javed, Yousra and Dixon, Matt and Coventry, Lynne and Ajayi, Opeyemi Dele and Anderson, Philip},
    date = {2020-09},

}