




%% Olennaisia opittavia asioita viittaustekniikoissa ovat viitteen paikka tekstissä, oikea lähdeluettelojärjestys valitun viitetyylin parina sekä taito ja tahto noudattaa annettua tyylimääräystä.
Väitöskirjoissa ja lehti- tai konferenssiartikkeleissa tekstin hyväksyminen riippuu myös
näiden yksityiskohtien asianmukaisesta käsittelystä. Tästä syystä laitoksella nähdään
tarpeelliseksi opiskelijoiden tutustua edes pinnallisesti myös muihin tyylilajeihin ja oppia
käyttämään automatisoituja muotoilutyökaluja tehokkaasti, jolloin tyylimuutokset ovat
tehokkaita.
Lähdeviitteet sijoitetaan aina virkkeen sisäpuolelle. Siten esimerkiksi tekstikappaleen lopussa irrallaan oleva viite ei ole asiallinen. Tilanne ei muutu, vaikka viite sujautettaisiin
tekstikappaleen viimeisen virkkeen sisään. Lähdeviittauksen yhteyteen merkitään mukaan
tarkentavat sivunumerot, mikäli lukijan olisi työlästä löytää asianomainen kohta viitatusta
lähteestä.
Tehokkaita viitteensijoittelupaikkoja ovat esimerkiksi uuden käsitteen nimeämiskohta ja
virkkeen loppu kun kyseessä on lähteestä lainattu väite. On myös muistettava lainausmerkkien käyttö silloin kun tehdään suoria lainauksia.
Tekstin jäsentelyn on tuotava selkeästi esiin, mihin asiaan viite liittyy. Samalla tulee ymmärrettäväksi se, kuinka pitkään tekstikatkelmaan ko. viite liitetään. Ei ole siten asiallista
aloittaa lukua nimeämällä yhtä tai useampaa lähdettä luvun taustaksi, vaan viitteitä on
kiinnitettävä täsmällisemmin väitteisiin ja käsitteisiin. Luvun avaus viitetiedolla voi olla
oire myös suuremmasta ongelmasta: lähderiippuvuudesta. Aloitteleva kirjoittaja helposti
toistaa lähteestä oppimaansa ilman että tarpeellinen analysointi ja prosessointi suhteessa
muuhun opittuun olisi vielä tapahtut.
Viitteillä ja sanamuodolilla on myös tuotava selkeästi esiin se, mikä teksissä on lainattua
ja mikä oman pohdinnan ja valikoinnin tulosta.
Lähdeviittauksiin käytetään Tietojenkäsittelytieteen osastolla numeroitua tyyliä ja APA-tyyliä, valinnan näiden välillä tekevät kunkin ryhmän valvoja ja ohjaaja yhdessä. Numeroitu tyyli on esimerkiksi IEEE- ja ACM-julkaisuissa yleisesti käytetty ja puolustaa
siten paikkaansa. APA-tyyli on poikkeuksellinen ns. kovissa tieteissä, mutta monet valvojista pitävät siitä sen luettavuuden vuoksi. Numeroita joutuu nimiä useammin tarkistamaan lähdeluettelosta, sillä tarkastus- ja arvointiprosessiin kuuluu arvioida myös lähteiden
valitaa ja niiden käyttötapaa.







%
% King, 2019: Artificial Intelligence Crime
%    An Interdisciplinary Analysis of
%    Foreseeable Threats and Solutions
%
@article{king_AI_Crime_Interdisciplinary_Analysis_2019,
    title = {Artificial Intelligence Crime: An Interdisciplinary Analysis of Foreseeable Threats and Solutions},
    volume = {26},
    doi = {10.1007/s11948-018-00081-0},
    shorttitle = {Artificial Intelligence Crime},
    pages = {89--120},
    number = {1},
    journaltitle = {Science and Engineering Ethics},
    shortjournal = {Sci Eng Ethics},
    author = {King, Thomas C. and Aggarwal, Nikita and Taddeo, Mariarosaria and Floridi, Luciano},
    date = {2019},
}


%
% Blauth, 2022: Artificial Intelligence Crime
%    An Overview of Malicious Use 
%    and Abuse of AI
%
@article{blauth_AI_Crime_Overview_Malicious_Use_Abuse_2022,
    title = {Artificial Intelligence Crime: An Overview of Malicious Use and Abuse of {AI}},
    volume = {10},
    doi = {10.1109/ACCESS.2022.3191790},
    pages = {77110--77122},
    journaltitle = {{IEEE} Access},
    author = {Blauth, Taís Fernanda and Gstrein, Oskar Josef and Zwitter, Andrej},
    date = {2022},
}



%
% Wang, 2020: Defining Social Engineering
%    in Cybersecurity
%
@article{wang_Defining_Social_Engineering_2020,
  title = {Defining {{Social Engineering}} in {{Cybersecurity}}},
  author = {Wang, Zuoguang and Sun, Limin and Zhu, Hongsong},
  year = {2020},
  journaltitle = {IEEE Access},
  volume = {8},
  pages = {85094--85115},
  doi = {10.1109/ACCESS.2020.2992807},
}



%
% Mirsky, 2021: The Creation and Detection
%    of Deepfakes
%
@article{mirsky_Creation_Detection_Deepfakes_2021,
    title = {The Creation and Detection of Deepfakes: A Survey},
    volume = {54},
    doi = {10.1145/3425780},
    pages = {7:1--7:41},
    number = {1},
    journaltitle = {{ACM} Comput. Surv.},
    author = {Mirsky, Yisroel and Lee, Wenke},
    date = {2021},
}






%
% Goodfellow, 2020: Generative adversarial networks
%
@article{goodfellowGenerativeAdversarialNetworks2020,
    title = {Generative adversarial networks},
    volume = {63},
    doi = {10.1145/3422622},
    pages = {139--144},
    number = {11},
    journaltitle = {Communications of the {ACM}},
    author = {Goodfellow, Ian and Pouget-Abadie, Jean and Mirza, Mehdi and Xu, Bing and Warde-Farley, David and Ozair, Sherjil and Courville, Aaron and Bengio, Yoshua},
    date = {2020},
}








@article{weizenbaum_ELIZA_1996,
    title = {{ELIZA}—a computer program for the study of natural language communication between man and machine},
    volume = {9},
    doi = {10.1145/365153.365168},
    pages = {36--45},
    number = {1},
    journaltitle = {Commun. {ACM}},
    author = {Weizenbaum, Joseph},
    date = {1966},
}






