



@book{hadnagy_Social_Engineering_The_Science_2018,
    title = {Social {{Engineering}}: {{The Science}} of {{Human Hacking}}},
    author = {Hadnagy, Christopher},
    year = {2018},
    isbn = {978-1-119-43338-5},
    publisher = {John Wiley \& Sons}
}





@book{mitnick_The_Art_of_Deception_2003,
    title = {The {{Art}} of {{Deception}}: {{Controlling}} the {{Human Element}} of {{Security}}},
    author = {Mitnick, Kevin D. and Simon, William L.},
    year = {2003},
    publisher = {John Wiley \& Sons},
    isbn = {978-0-7645-4280-0},
}
@techreport{european_parliamentary_research_service_impact_2020,
    title = {The impact of the {General} {Data} {Protection} {Regulation} ({GDPR}) on artificial intelligence},
    url = {https://www.europarl.europa.eu/RegData/etudes/STUD/2020/641530/EPRS_STU(2020)641530_EN.pdf},
    urldate = {2024-08-22},
    author = {{European Parliamentary Research Service}},
    year = {2020},
}