
@report{ibm_Cost_Data_Breach_Report_2024,
	title = {Cost of a Data Breach Report 2024},
	url = {https://www.ibm.com/reports/data-breach},
	author = {{IBM}},
	urldate = {2024-08-07},
	date = {2024},
}

@report{fbi_Internet_Crime_Report_2023,
	title = {Internet Crime Report 2023},
	url = {https://www.ic3.gov/Media/PDF/AnnualReport/2023_IC3Report.pdf},
	author = {{FBI}},
	urldate = {2024-07-26},
	date = {2023},
}


@report{eprs_Impact_of_GDPR_on_AI_2020,
	title = {The impact of the General Data Protection Regulation ({GDPR}) on artificial intelligence},
	url = {https://www.europarl.europa.eu/RegData/etudes/STUD/2020/641530/EPRS_STU(2020)641530_EN.pdf},
	author = {{EPRS}},
	urldate = {2024-08-22},
	date = {2020},
}



